<?xml version="1.0" encoding="UTF-8"?><collection xmlns="http://www.loc.gov/MARC21/slim"><record><leader>00609nam--2200193-u-4500</leader><controlfield tag="001">000056766</controlfield><controlfield tag="002">20190620</controlfield><controlfield tag="005">20190620050237</controlfield><controlfield tag="008">190620s1000------------r-----000-0-eng-d</controlfield><datafield ind1=" " ind2=" " tag="040"><subfield code="a">IFIN-HH</subfield></datafield><datafield ind1=" " ind2=" " tag="041"><subfield code="a">eng</subfield></datafield><datafield ind1="1" ind2=" " tag="100"><subfield code="a">Hohol, Robert</subfield></datafield><datafield ind1="1" ind2="0" tag="245"><subfield code="a">5th Central European Symposium on Plasma Chemistry. Final scientific programme and Book of abstracts</subfield><subfield code="c">Robert Hohol; Zsuzsanna Heiszler</subfield></datafield><datafield ind1=" " ind2=" " tag="260"><subfield code="a">Budapest</subfield><subfield code="b">Research Centre for Natural Sciences</subfield><subfield code="c">2013</subfield></datafield><datafield ind1=" " ind2=" " tag="300"><subfield code="a">212 p</subfield></datafield><datafield ind1=" " ind2=" " tag="500"><subfield code="a">Donatie Gheorghe Dinescu</subfield></datafield><datafield ind1="1" ind2=" " tag="700"><subfield code="a">Heiszler, Zsuzsanna</subfield></datafield><datafield ind1=" " ind2=" " tag="852"><subfield code="a">82745</subfield><subfield code="c">061.3</subfield></datafield><datafield ind1=" " ind2=" " tag="CAT"><subfield code="a">SYS</subfield><subfield code="c">20190620</subfield><subfield code="h">050237</subfield></datafield></record></collection>